2164 3687
344 136 484 227 ⁴196
839 129 912 203 N
1003 128 1071 196 O
1134 122 1237 196 'T
1328 124 1430 201 Α,
1480 130 1546 200 E
2154 206 2158 217 ¹

316 235 727 331 'nAntispasti
776 242 956 310 ratio
1003 234 1335 313 habeatur
1378 237 1603 323 nulla,
1674 240 1791 312 sed
1835 244 2036 313 unius
2142 235 2149 239 ’

353 334 574 426 Metti
595 331 1019 411 Trochaici,
1051 329 1247 423 quod
1278 330 1349 400 in
1380 330 1554 398 locis
1585 336 1857 420 paribus
1876 359 2041 427 pro-

356 431 619 498 miscue
654 430 721 496 &
756 426 1158 517 spondeum
1213 422 1283 491 δε
1318 423 1747 496 Trochaeurn
1791 433 2042 500 admit·
2123 431 2125 435 ’

358 526 482 590 tit:
532 522 752 591 Sicuti
799 527 868 590 in
897 522 1034 589 hoc
1065 517 1214 608 ipso
1269 518 1915 608 Hepthemimeri‘q,
1952 552 2044 593 νη-

362 644 666 703 ‘raxam-ou
709 644 917 700 voca-qa,
970 635 1093 703 pes
1135 611 1474 681 secundus
1523 610 1617 689 est
1663 612 2046 701 Spondeu3‚

353 710 706 798 legitimus
735 706 1181 786 Trochaic0‚
1225 705 1341 773 sed
1398 707 1798 793 illegitimus
1846 707 2048 781 Anti·

355 802 679 890 spastic0‚
727 803 918 894 quod
955 794 1324 889 Antispasti
1371 800 1781 882 postremam
1815 804 2047 892 requi-

355 900 455 964 cit
487 897 766 964 brevem
789 946 809 976 ,
860 894 926 963 δε
965 896 1054 963 fic
1086 895 1309 985 palam
1344 893 1874 983 Antispasticum
1908 911 2058 963 tur-

353 991 507 1060 bat:
558 991 703 1060 Res
736 989 832 1058 est
863 1006 1096 1078 aperta
1119 987 1225 1068 ‚&
1265 988 1353 1057 sic
1384 1005 1696 1076 apertum
1739 1010 2051 1080 quoque,

354 1107 481 1153 cur
518 1086 862 1154 Metricus
897 1084 1130 1153 Coion
1165 1082 1300 1151 hoc
1345 1110 1801 1150 αντισπαστικον
1831 1084 2040 1151 Πινδα-

353 1207 492 1268 ρικον
523 1197 765 1247 vocet:
818 1177 890 1246 id
924 1180 1107 1246 enim
1145 1176 1447 1245 Pindaro
1482 1177 1938 1244 domesticum
1973 1176 2045 1243 &

352 1275 667 1362 privum:
744 1274 819 1341 ln
857 1272 1166 1363 gemellis
1196 1272 1392 1360 plura>
1423 1269 1612 1348 sunt,
1660 1290 1817 1360 quae
1852 1269 2043 1337 Tro-

355 1366 672 1434 chaicum
753 1365 1369 1455 Hepthemimeres
1431 1363 1684 1431 habent
1753 1385 2047 1453 purum,

353 1480 558 1550 quarn
595 1482 754 1527 curn
785 1459 1117 1548 Spondeo
1149 1457 1635 1525 commixtum:
1681 1456 1800 1524 Ista
1830 1459 2047 1526 varia-

353 1558 457 1620 tio
497 1576 638 1621 non
672 1570 953 1643 peccat,
999 1569 1076 1620 ut
1124 1573 1308 1620 nunc
1343 1553 1649 1642 quisque⁴
1688 1552 1919 1630 videt,
1970 1552 2040 1619 &

351 1662 388 1712 a
434 1648 653 1716 Metti
686 1647 1069 1716 Trochaici
1116 1646 1354 1715 indole
1408 1646 1539 1714 est:
1591 1647 1825 1737 Quare
1872 1647 2040 1715 nihii

353 1741 794 1822 mutandum,
852 1759 927 1811 ut
962 1740 1183 1809 bonus
1217 1739 1618 1831 syllabarum
1651 1738 1922 1809 mensor
1941 1742 2042 1808 fe·-

353 1837 487 1913 cit‚
549 1833 717 1903 nihil
763 1836 1011 1903 horum
1061 1836 1498 1924 intelligens:
1570 1834 1741 1901 illud
1789 1833 2038 1902 addam

351 1948 524 2017 ego:
576 1929 953 2018 irregulare
984 1925 1079 1994 est
1112 1926 1339 1994 Colon
1372 1928 1507 1995 hoc
1558 1925 2040 2005 Pindaricum,

353 2021 423 2088 δε
452 2020 591 2091 hoc
622 2043 762 2090 uno
796 2024 958 2091 loco
991 2021 1175 2089 forte
1208 2024 1553 2089 occurrit:
1603 2019 1930 2110 Siquisin
1949 2044 2037 2090 eo

349 2115 787 2184 admittendo
846 2114 1010 2185 effet
1059 2111 1458 2186 difficilior,
1509 2113 2037 2203 Antiipasticum

351 2211 666 2298 regulare
704 2207 901 2277 facile
951 2206 1188 2276 haberi
1235 2207 1484 2298 poss'et:
1573 2206 2035 2278 Scribendum

351 2307 534 2373 enim
568 2302 749 2371 foret
793 2304 905 2372 hic
952 2299 1230 2389 trajecta
1285 2325 1499 2380 voce,
1549 2314 1913 2386 Απολλωνιςι
1944 2332 2040 2370 να.-

351 2425 457 2481 wop
492 2421 896 2485 τετειχισταιτ
963 2398 1039 2463 In
1089 2393 1539 2486 Antistropha
1572 2417 1740 2463 vero
1776 2398 2038 2485 postre-

348 2511 496 2567 ma,
566 2503 868 2556 Μελισσαν
928 2495 1229 2573 αμειβετοιι
1269 2517 1424 2558 πονου
1475 2517 1711 2575 τρητον,
1761 2489 2036 2577 ἰτεῄεξὶα

348 2586 553 2650 etiam
590 2601 805 2648 voce:
881 2585 1049 2651 Aliae
1094 2581 1411 2671 Strophae
1452 2580 1521 2648 &
1559 2579 2030 2672 Antistrophae

345 2674 1129 2767 Antispastica.legitima
1168 2693 1534 2764 promunt:
1588 2679 1757 2745 Nam
1795 2679 2031 2760 ταθμοιν
2073 2695 2075 2697 ’

342 2774 415 2838 in
445 2770 736 2855 stropha
767 2775 966 2839 tertia
999 2791 1248 2858 anceps
1277 2769 1410 2850 est,
1463 2768 1528 2837 δι
1576 2773 1865 2859 primam
1918 2796 2028 2842 re-

345 2861 451 2930 &e
484 2865 810 2951 corripit:
860 2864 951 2934 Et
980 2865 1126 2931 haec
1154 2863 1307 2931 sane
1339 2864 1555 2931 facilis
1586 2862 1681 2931 est
1709 2870 2022 2937 mutatio:

344 2958 510 3050 Quo
545 2954 794 3028 facium
815 3005 837 3041 ‚
887 2977 962 3029 ut
993 2956 1082 3027 de
1118 2957 1301 3028 Colo
1331 2958 1690 3050 irregulari
1722 2958 2028 3122 aliquain-

1978 3075 2022 3121 0
