2164 3687
179 252 182 254 ,
425 149 590 238 ΙΝ·
667 146 1299 241 ΡΫΤΗΙἈῑ
1584 162 1725 263 &23

20 267 293 354 aiaraci-‘oi
377 296 380 299 ’
462 273 722 364 Emoda]
774 280 888 350 Ne
917 290 1146 371 quaere
1179 274 1410 343 vitam
1440 273 1721 344 immor-⁰

27 372 238 452 thalem
265 400 289 441 .·
337 369 508 445 Hoc
551 374 809 444 dicitur
844 369 1156 462 ‘respeciu
1186 368 1562 450 HieroniS,
1605 365 1719 440 cui

28 464 401 542 Medicum
442 468 629 550 vult,
677 465 890 559 qualis
923 478 1069 534 erat
1100 463 1412 543 Chiron,
1459 463 1721 532 morbis

29 565 418 655 omnigenis
448 561 769 631 curandis
786 575 1023 650 aptum
1047 590 1061 628 :
1084 557 1456 650 Sequentia
1498 555 1723 626 osten-

29 657 228 728 dunt.
471 676 618 723 111.
668 663 737 721 Et
767 652 823 719 δε
854 675 1086 745 σωφςων
1113 680 1305 742 αντςον
1351 652 1500 740 evoet’]
1545 651 1725 721 Om-

31 773 157 822 nes
190 749 427 831 Libri,
474 761 543 816 Et
572 748 627 814 se
656 767 891 837 σωφςω
919 774 1108 835 σιντ-ρον
1137 768 1321 814 aventer:
1375 744 1593 835 Quod
1622 747 1746 817 ita.

31 846 308 936 abrupit
343 839 769 919 SchmidiuS,
815 856 892 909 ut
949 839 1218 929 syllabis
1273 840 1726 930 prospiceret:

35 938 343 1008 Probare
387 953 530 1004 non
574 932 884 1024 poffum,
932 935 1098 1027 quia
1139 934 1290 1003 talis
1329 957 1606 1015 αποκοπη
1650 935 1726 1004 in

32 1031 139 1100 his
169 1028 553 1098 Pindaricis
599 1026 880 1107 nullibi,
927 1029 977 1098 fi
1016 1027 1192 1097 bene
1239 1027 1560 1096 memini:
1622 1029 1729 1096 Aa

31 1124 182 1194 liud
217 1123 429 1214 igitur
461 1121 880 1213 requiritur,
927 1138 1006 1194 ut
1039 1120 1282 1194 Metro
1316 1117 1725 1188 Trochaico

41 1219 151 1287 vel
189 1214 802 1306 Epichoriambico
839 1217 919 1288 fit
955 1216 1267 1286 mensura
1300 1211 1454 1282 sua:
1501 1210 1729 1304 Lege,
1770 1298 1775 1304 θ

37 1335 310 1397 mmmm
344 1309 541 1377 aliter
593 1309 937 1391 instituta,
983 1310 1095 1380 vel
1123 1320 1191 1377 Ea
1220 1308 1275 1375 δὲ
1308 1328 1536 1396 σωφρων
1571 1310 1738 1395 αντ-ρ’,

38 1431 227 1484 crater,
269 1402 381 1472 Vel
424 1408 492 1470 Et
530 1402 586 1470 δε
612 1416 854 1494 σωφςων
897 1433 1080 1493 σιντ-ραι
1127 1430 1287 1475 voetevz
1327 1398 1732 1490 Diphthon-

42 1519 169 1588 gus
202 1511 358 1566 ante
389 1498 700 1567 vocalem
750 1501 1157 1587 corripitur,
1221 1512 1299 1566 ut
1334 1514 1544 1564 nemo
1603 1515 1730 1563 ne-

43 1591 172 1660 scit
205 1591 275 1662 in
307 1605 494 1659 tanta
531 1584 1011 1680 exemplorum
1045 1591 1285 1680 copia:
1335 1588 1481 1657 Ms.-
1511 1586 1728 1679 Angl.

42 1685 131 1753 C.
175 1706 282 1766 71.
326 1681 609 1774 peffime
663 1711 709 1750 εν
749 1683 1066 1774 syllabam
1107 1681 1520 1773 postremam
1553 1708 1639 1749 τε
1666 1709 1727 1748 ε-

42 1776 660 1857 mev,transferebat
693 1777 780 1845 ad
812 1777 1048 1868 Colon
1080 1781 1388 1868 lequens:
1440 1775 1517 1844 ld
1537 1779 1726 1848 enim

41 1871 134 1941 fic
171 1869 560 1940 trucidatur
592 1871 836 1961 plane:
886 1870 1080 1940 Nihil
1122 1873 1446 1960 apertius·

49 1986 217 2049 117..
248 1991 406 2052 σχειν
458 1965 681 2052 ανὸρσισι
739 1963 953 2051 θέρμων
984 1965 1173 2044 νοω-ων]
1221 1964 1454 2034 Colon
1473 1961 1731 2052 Jambid

47 2081 207 2127 cum
242 2058 533 2149 requirit
564 2059 808 2146 ανὲρασιν
830 2059 1066 2146 &epponem
1347 2077 1374 2126 1
1395 2058 1496 2127 18.
1547 2071 1610 2125 H
1642 2086 1736 2127 τι·

47 2179 113 2220 ποι
140 2153 414 2221 Λατοΐδα.
578 2162 946 2235 Κεκλημενον,
995 2183 1025 2232 n
1053 2159 1337 2241 πατέρος]
1385 2153 1733 2241 perquam

48 2247 284 2333 inepte
317 2246 469 2312 haec
504 2243 592 2312 de
627 2243 772 2331 ipso
807 2243 1207 2332 AEsculapio
1233 2244 1303 2312 &
1337 2246 1485 2334 ipso
1517 2245 1740 2334 Apol-

51 2338 191 2404 line
221 2337 568 2426 accipiunt
597 2338 910 2425 plerique
940 2337 1392 2425 Interpretes:
1443 2338 1620 2407 Nam
1657 2336 1734 2404 Sc

57 2456 186 2496 ‘ram
213 2456 407 2512 γενικον
436 2426 567 2509 est,
617 2426 687 2495 δε
733 2427 822 2496 de
873 2428 1221 2518 discipulis
1249 2432 1510 2521 agitur,
1554 2452 1734 2523 quos

57 2539 136 2590 ut
172 2521 484 2612 magister
536 2524 846 2590 mitteret
897 2523 1202 2592 Chiron:
1275 2524 1470 2594 Talis
1500 2540 1732 2593 autem

56 2636 199 2684 non
251 2633 397 2684 erat
445 2630 559 2683 aut
612 2615 744 2685 effe
792 2631 1065 2706 poterat
1103 2617 1395 2708 Apollo:
1458 2617 1606 2689 Res
1640 2616 1736 2687 est

60 2708 380 2779 evidens:
451 2708 572 2778 Tu
617 2712 829 2800 igitur
871 2739 1061 2795 ’γενικοι
1087 2727 1166 2779 ut
1214 2711 1458 2795 decet,
1504 2740 1735 2797 γενικως

58 2802 366 2890 intellige
397 2824 555 2871 cum
591 2803 986 2873 Schmidio:
1064 2806 1137 2873 Si
1174 2807 1244 2874 in
1276 2822 1475 2877 antro
1505 2807 1734 2875 adhuc

61 2895 353 2984 degeret
395 2895 661 2966 Chiron
684 2943 707 2978 ,
755 2895 1169 2968 carminibus
1199 2901 1367 2968 meis
1396 2901 1579 2971 forte
1612 2899 1738 2969 de·-

61 2989 295 3057 linitus
321 3040 344 3066 ,
391 2989 555 3059 viris
599 2994 893 3082 egregiis
919 2993 1027 3060 vel
1061 2991 1350 3080 seipsum
1383 2995 1738 3066 medicum

61 3082 439 3171 praeberet,
501 3085 610 3155 vel
657 3087 957 3177 aliquem
1003 3082 1347 3177 Apollinis
1391 3107 1506 3160 aut
1547 3087 1744 3245 Jogis

1692 3200 1746 3246 l-
